@ARTICLE{2004A&A...425.1097R,
   author = {{Robbrecht}, E. and {Berghmans}, D.},
    title = "{Automated recognition of coronal mass ejections (CMEs) in near-real-time data}",
  journal = {\aap},
 keywords = {Sun: corona, Sun: particle emission, Sun: coronal mass ejections (CMEs), methods: data analysis, techniques: image processing, catalogs},
     year = 2004,
    month = oct,
   volume = 425,
    pages = {1097-1106},
      doi = {10.1051/0004-6361:20041302},
   adsurl = {http://adsabs.harvard.edu/abs/2004A%26A...425.1097R},
  adsnote = {Provided by the SAO/NASA Astrophysics Data System}
}

@ARTICLE{2008SoPh..248..485O,
   author = {{Olmedo}, O. and {Zhang}, J. and {Wechsler}, H. and {Poland}, A. and 
	{Borne}, K.},
    title = "{Automatic Detection and Tracking of Coronal Mass Ejections in Coronagraph Time Series}",
  journal = {\solphys},
 keywords = {Coronal mass ejection, Automatic detection},
     year = 2008,
    month = apr,
   volume = 248,
    pages = {485-499},
      doi = {10.1007/s11207-007-9104-5},
   adsurl = {http://adsabs.harvard.edu/abs/2008SoPh..248..485O},
  adsnote = {Provided by the SAO/NASA Astrophysics Data System}
}


@ARTICLE{2013ApJ...768..162P,
   author = {{Petrie}, G.~J.~D.},
    title = "{Solar Magnetic Activity Cycles, Coronal Potential Field Models and Eruption Rates}",
  journal = {\apj},
archivePrefix = "arXiv",
   eprint = {1303.1218},
 primaryClass = "astro-ph.SR",
 keywords = {magnetohydrodynamics: MHD, Sun: activity, Sun: corona, Sun: coronal mass ejections: CMEs, Sun: filaments, prominences, Sun: photosphere, Sun: surface magnetism },
     year = 2013,
    month = may,
   volume = 768,
      eid = {162},
    pages = {162},
      doi = {10.1088/0004-637X/768/2/162},
   adsurl = {http://adsabs.harvard.edu/abs/2013ApJ...768..162P},
  adsnote = {Provided by the SAO/NASA Astrophysics Data System}
}
@ARTICLE{1970PASJ...22..341U,
   author = {{Uchida}, Y.},
    title = "{Diagnosis of Coronal Magnetic Structure by Flare-Associated Hydromagnetic Disturbances}",
  journal = {\pasj},
     year = 1970,
   volume = 22,
    pages = {341},
   adsurl = {http://adsabs.harvard.edu/abs/1970PASJ...22..341U},
  adsnote = {Provided by the SAO/NASA Astrophysics Data System}
}

@ARTICLE{2005LRSP....2....3N,
   author = {{Nakariakov}, V.~M. and {Verwichte}, E.},
    title = "{Coronal Waves and Oscillations}",
  journal = {Living Reviews in Solar Physics},
     year = 2005,
    month = jul,
   volume = 2,
    pages = {3},
      doi = {10.12942/lrsp-2005-3},
   adsurl = {http://adsabs.harvard.edu/abs/2005LRSP....2....3N},
  adsnote = {Provided by the SAO/NASA Astrophysics Data System}
}

@ARTICLE{2008ApJ...675.1637S,
   author = {{Schrijver}, C.~J. and {De Rosa}, M.~L. and {Metcalf}, T. and 
	{Barnes}, G. and {Lites}, B. and {Tarbell}, T. and {McTiernan}, J. and 
	{Valori}, G. and {Wiegelmann}, T. and {Wheatland}, M.~S. and 
	{Amari}, T. and {Aulanier}, G. and {D{\'e}moulin}, P. and {Fuhrmann}, M. and 
	{Kusano}, K. and {R{\'e}gnier}, S. and {Thalmann}, J.~K.},
    title = "{Nonlinear Force-free Field Modeling of a Solar Active Region around the Time of a Major Flare and Coronal Mass Ejection}",
  journal = {\apj},
archivePrefix = "arXiv",
   eprint = {0712.0023},
 keywords = {Sun: Activity, Sun: Corona, Sun: Flares, Sun: Magnetic Fields},
     year = 2008,
    month = mar,
   volume = 675,
    pages = {1637-1644},
      doi = {10.1086/527413},
   adsurl = {http://adsabs.harvard.edu/abs/2008ApJ...675.1637S},
  adsnote = {Provided by the SAO/NASA Astrophysics Data System}
}


@ARTICLE{2007Sci...317.1192T,
   author = {{Tomczyk}, S. and {McIntosh}, S.~W. and {Keil}, S.~L. and {Judge}, P.~G. and 
	{Schad}, T. and {Seeley}, D.~H. and {Edmondson}, J.},
    title = "{Alfv{\'e}n Waves in the Solar Corona}",
  journal = {Science},
     year = 2007,
    month = aug,
   volume = 317,
    pages = {1192-},
      doi = {10.1126/science.1143304},
   adsurl = {http://adsabs.harvard.edu/abs/2007Sci...317.1192T},
  adsnote = {Provided by the SAO/NASA Astrophysics Data System}
}
@ARTICLE{2005SoPh..228..265P,
   author = {{Podladchikova}, O. and {Berghmans}, D.},
    title = "{Automated Detection Of Eit Waves And Dimmings}",
  journal = {\solphys},
     year = 2005,
    month = may,
   volume = 228,
    pages = {265-284},
      doi = {10.1007/s11207-005-5373-z},
   adsurl = {http://adsabs.harvard.edu/abs/2005SoPh..228..265P},
  adsnote = {Provided by the SAO/NASA Astrophysics Data System}
}

@ARTICLE{1997SoPh..175..571M,
   author = {{Moses}, D. and {Clette}, F. and {Delaboudini{\`e}re}, J.-P. and 
	{Artzner}, G.~E. and {Bougnet}, M. and {Brunaud}, J. and {Carabetian}, C. and 
	{Gabriel}, A.~H. and {Hochedez}, J.~F. and {Millier}, F. and 
	{Song}, X.~Y. and {Au}, B. and {Dere}, K.~P. and {Howard}, R.~A. and 
	{Kreplin}, R. and {Michels}, D.~J. and {Defise}, J.~M. and {Jamar}, C. and 
	{Rochus}, P. and {Chauvineau}, J.~P. and {Marioge}, J.~P. and 
	{Catura}, R.~C. and {Lemen}, J.~R. and {Shing}, L. and {Stern}, R.~A. and 
	{Gurman}, J.~B. and {Neupert}, W.~M. and {Newmark}, J. and {Thompson}, B. and 
	{Maucherat}, A. and {Portier-Fozzani}, F. and {Berghmans}, D. and 
	{Cugnon}, P. and {van Dessel}, E.~L. and {Gabryl}, J.~R.},
    title = "{EIT Observations of the Extreme Ultraviolet Sun}",
  journal = {\solphys},
     year = 1997,
    month = oct,
   volume = 175,
    pages = {571-599},
      doi = {10.1023/A:1004902913117},
   adsurl = {http://adsabs.harvard.edu/abs/1997SoPh..175..571M},
  adsnote = {Provided by the SAO/NASA Astrophysics Data System}
}

@ARTICLE{1998GeoRL..25.2465T,
   author = {{Thompson}, B.~J. and {Plunkett}, S.~P. and {Gurman}, J.~B. and 
	{Newmark}, J.~S. and {St.~Cyr}, O.~C. and {Michels}, D.~J.},
    title = "{SOHO/EIT observations of an Earth-directed coronal mass ejection on May 12, 1997}",
  journal = {\grl},
 keywords = {Solar Physics, Astrophysics, and Astronomy: Coronal mass ejections, Solar Physics, Astrophysics, and Astronomy: Ultraviolet emissions, Solar Physics, Astrophysics, and Astronomy: Coronal holes, Solar Physics, Astrophysics, and Astronomy},
     year = 1998,
   volume = 25,
    pages = {2465-2468},
      doi = {10.1029/98GL50429},
   adsurl = {http://adsabs.harvard.edu/abs/1998GeoRL..25.2465T},
  adsnote = {Provided by the SAO/NASA Astrophysics Data System}
}

@ARTICLE{1999ApJ...517L.151T,
   author = {{Thompson}, B.~J. and {Gurman}, J.~B. and {Neupert}, W.~M. and 
	{Newmark}, J.~S. and {Delaboudini{\`e}re}, J.-P. and {Cyr}, O.~C.~S. and 
	{Stezelberger}, S. and {Dere}, K.~P. and {Howard}, R.~A. and 
	{Michels}, D.~J.},
    title = "{SOHO/EIT Observations of the 1997 April 7 Coronal Transient: Possible Evidence of Coronal Moreton Waves}",
  journal = {\apjl},
 keywords = {SUN: SOLAR WIND, SUN: ACTIVITY, SUN: CORONA, SUN: FLARES, Sun: Solar Wind, Sun: Activity, Sun: Corona, Sun: Flares},
     year = 1999,
    month = jun,
   volume = 517,
    pages = {L151-L154},
      doi = {10.1086/312030},
   adsurl = {http://adsabs.harvard.edu/abs/1999ApJ...517L.151T},
  adsnote = {Provided by the SAO/NASA Astrophysics Data System}
}

@ARTICLE{2011SSRv..158..365G,
   author = {{Gallagher}, P.~T. and {Long}, D.~M.},
    title = "{Large-scale Bright Fronts in the Solar Corona: A Review of ''EIT waves''}",
  journal = {\ssr},
archivePrefix = "arXiv",
   eprint = {1006.0140},
 primaryClass = "astro-ph.SR",
 keywords = {Corona, Waves, Solar activity, Coronal mass ejections, EIT waves},
     year = 2011,
    month = jul,
   volume = 158,
    pages = {365-396},
      doi = {10.1007/s11214-010-9710-7},
   adsurl = {http://adsabs.harvard.edu/abs/2011SSRv..158..365G},
  adsnote = {Provided by the SAO/NASA Astrophysics Data System}
}

@ARTICLE{2011JASTP..73.1096Z,
   author = {{Zhukov}, A.~N.},
    title = "{EIT wave observations and modeling in the STEREO era}",
  journal = {Journal of Atmospheric and Solar-Terrestrial Physics},
     year = 2011,
    month = jun,
   volume = 73,
    pages = {1096-1116},
      doi = {10.1016/j.jastp.2010.11.030},
   adsurl = {http://adsabs.harvard.edu/abs/2011JASTP..73.1096Z},
  adsnote = {Provided by the SAO/NASA Astrophysics Data System}
}

@ARTICLE{2011A&A...532A.151W,
   author = {{Warmuth}, A. and {Mann}, G.},
    title = "{Kinematical evidence for physically different classes of large-scale coronal EUV waves}",
  journal = {\aap},
 keywords = {Sun: activity, Sun: corona, Sun: flares, Sun: coronal mass ejections (CMEs), waves, shock waves},
     year = 2011,
    month = aug,
   volume = 532,
      eid = {A151},
    pages = {A151},
      doi = {10.1051/0004-6361/201116685},
   adsurl = {http://adsabs.harvard.edu/abs/2011A%26A...532A.151W},
  adsnote = {Provided by the SAO/NASA Astrophysics Data System}
}

@ARTICLE{2012SoPh..281..187P,
   author = {{Patsourakos}, S. and {Vourlidas}, A.},
    title = "{On the Nature and Genesis of EUV Waves: A Synthesis of Observations from SOHO, STEREO, SDO, and Hinode (Invited Review)}",
  journal = {\solphys},
archivePrefix = "arXiv",
   eprint = {1203.1135},
 primaryClass = "astro-ph.SR",
 keywords = {Corona, active, Coronal mass ejections, Low coronal signatures, Waves, magnetohydrodynamic, propagation, plasma},
     year = 2012,
    month = nov,
   volume = 281,
    pages = {187-222},
      doi = {10.1007/s11207-012-9988-6},
   adsurl = {http://adsabs.harvard.edu/abs/2012SoPh..281..187P},
  adsnote = {Provided by the SAO/NASA Astrophysics Data System}
}

@ARTICLE{2000ApJ...543L..89W,
   author = {{Wang}, Y.-M.},
    title = "{EIT Waves and Fast-Mode Propagation in the Solar Corona}",
  journal = {\apjl},
 keywords = {Sun: Activity, Sun: Corona, Sun: Flares, Sun: Magnetic Fields, Waves},
     year = 2000,
    month = nov,
   volume = 543,
    pages = {L89-L93},
      doi = {10.1086/318178},
   adsurl = {http://adsabs.harvard.edu/abs/2000ApJ...543L..89W},
  adsnote = {Provided by the SAO/NASA Astrophysics Data System}
}

@ARTICLE{2001JGR...10625089W,
   author = {{Wu}, S.~T. and {Zheng}, H. and {Wang}, S. and {Thompson}, B.~J. and 
	{Plunkett}, S.~P. and {Zhao}, X.~P. and {Dryer}, M.},
    title = "{Three-dimensional numerical simulation of MHD waves observed by the Extreme Ultraviolet Imaging Telescope}",
  journal = {\jgr},
 keywords = {Interplanetary Physics: MHD waves and turbulence, Solar Physics, Astrophysics, and Astronomy: Corona, and Astronomy: Magnetic fields, Space Plasma Physics: Numerical simulation studies},
     year = 2001,
    month = nov,
   volume = 106,
    pages = {25089-25102},
      doi = {10.1029/2000JA000447},
   adsurl = {http://adsabs.harvard.edu/abs/2001JGR...10625089W},
  adsnote = {Provided by the SAO/NASA Astrophysics Data System}
}

@ARTICLE{2002ApJ...574..440O,
   author = {{Ofman}, L. and {Thompson}, B.~J.},
    title = "{Interaction of EIT Waves with Coronal Active Regions}",
  journal = {\apj},
 keywords = {Magnetohydrodynamics: MHD, Sun: Corona, Sun: Magnetic Fields, Waves},
     year = 2002,
    month = jul,
   volume = 574,
    pages = {440-452},
      doi = {10.1086/340924},
   adsurl = {http://adsabs.harvard.edu/abs/2002ApJ...574..440O},
  adsnote = {Provided by the SAO/NASA Astrophysics Data System}
}

@ARTICLE{2010ApJ...713.1008S,
   author = {{Schmidt}, J.~M. and {Ofman}, L.},
    title = "{Global Simulation of an Extreme Ultraviolet Imaging Telescope Wave}",
  journal = {\apj},
 keywords = {magnetohydrodynamics: MHD, shock waves, Sun: corona, Sun: coronal mass ejections: CMEs, Sun: helioseismology, Sun: surface magnetism},
     year = 2010,
    month = apr,
   volume = 713,
    pages = {1008-1015},
      doi = {10.1088/0004-637X/713/2/1008},
   adsurl = {http://adsabs.harvard.edu/abs/2010ApJ...713.1008S},
  adsnote = {Provided by the SAO/NASA Astrophysics Data System}
}

@ARTICLE{1999SoPh..190..107D,
   author = {{Delann{\'e}e}, C. and {Aulanier}, G.},
    title = "{Cme Associated with Transequatorial Loops and a Bald Patch Flare}",
  journal = {\solphys},
     year = 1999,
    month = dec,
   volume = 190,
    pages = {107-129},
      doi = {10.1023/A:1005249416605},
   adsurl = {http://adsabs.harvard.edu/abs/1999SoPh..190..107D},
  adsnote = {Provided by the SAO/NASA Astrophysics Data System}
}


@ARTICLE{2000ApJ...545..512D,
   author = {{Delann{\'e}e}, C.},
    title = "{Another View of the EIT Wave Phenomenon}",
  journal = {\apj},
 keywords = {Sun: Corona, Sun: Flares, Sun: Magnetic Fields},
     year = 2000,
    month = dec,
   volume = 545,
    pages = {512-523},
      doi = {10.1086/317777},
   adsurl = {http://adsabs.harvard.edu/abs/2000ApJ...545..512D},
  adsnote = {Provided by the SAO/NASA Astrophysics Data System}
}

@ARTICLE{2008SoPh..247..123D,
   author = {{Delann{\'e}e}, C. and {T{\"o}r{\"o}k}, T. and {Aulanier}, G. and 
	{Hochedez}, J.-F.},
    title = "{A New Model for Propagating Parts of EIT Waves: A Current Shell in a CME}",
  journal = {\solphys},
 keywords = {MHD, Sun: corona, Sun: coronal mass ejections (CMEs), Sun: magnetic fields, Sun: activity, Sun: flare},
     year = 2008,
    month = jan,
   volume = 247,
    pages = {123-150},
      doi = {10.1007/s11207-007-9085-4},
   adsurl = {http://adsabs.harvard.edu/abs/2008SoPh..247..123D},
  adsnote = {Provided by the SAO/NASA Astrophysics Data System}
}

@ARTICLE{2011ApJ...738..167S,
   author = {{Schrijver}, C.~J. and {Aulanier}, G. and {Title}, A.~M. and 
	{Pariat}, E. and {Delann{\'e}e}, C.},
    title = "{The 2011 February 15 X2 Flare, Ribbons, Coronal Front, and Mass Ejection: Interpreting the Three-dimensional Views from the Solar Dynamics Observatory and STEREO Guided by Magnetohydrodynamic Flux-rope Modeling}",
  journal = {\apj},
 keywords = {Sun: coronal mass ejections: CMEs, Sun: flares},
     year = 2011,
    month = sep,
   volume = 738,
      eid = {167},
    pages = {167},
      doi = {10.1088/0004-637X/738/2/167},
   adsurl = {http://adsabs.harvard.edu/abs/2011ApJ...738..167S},
  adsnote = {Provided by the SAO/NASA Astrophysics Data System}
}

@ARTICLE{2007ApJ...656L.101A,
   author = {{Attrill}, G.~D.~R. and {Harra}, L.~K. and {van Driel-Gesztelyi}, L. and 
	{D{\'e}moulin}, P.},
    title = "{Coronal ``Wave'': Magnetic Footprint of a Coronal Mass Ejection?}",
  journal = {\apjl},
 keywords = {Sun: Activity, Sun: Coronal Mass Ejections (CMEs), Sun: Filaments, Sun: Magnetic Fields},
     year = 2007,
    month = feb,
   volume = 656,
    pages = {L101-L104},
      doi = {10.1086/512854},
   adsurl = {http://adsabs.harvard.edu/abs/2007ApJ...656L.101A},
  adsnote = {Provided by the SAO/NASA Astrophysics Data System}
}

@ARTICLE{2007AN....328..760A,
   author = {{Attrill}, G.~D.~R. and {Harra}, L.~K. and {van Driel-Gesztelyi}, L. and 
	{D{\'e}moulin}, P. and {W{\"u}lser}, J.-P.},
    title = "{Coronal ``wave'': A signature of the mechanism making CMEs large-scale in the low corona?}",
  journal = {Astronomische Nachrichten},
 keywords = {Sun: corona, Sun: coronal mass ejections (CMEs), Sun: magnetic fields, Sun: UV radiation},
     year = 2007,
    month = oct,
   volume = 328,
    pages = {760},
      doi = {10.1002/asna.200710794},
   adsurl = {http://adsabs.harvard.edu/abs/2007AN....328..760A},
  adsnote = {Provided by the SAO/NASA Astrophysics Data System}
}

@ARTICLE{2002ApJ...572L..99C,
   author = {{Chen}, P.~F. and {Wu}, S.~T. and {Shibata}, K. and {Fang}, C.
	},
    title = "{Evidence of EIT and Moreton Waves in Numerical Simulations}",
  journal = {\apjl},
 keywords = {Sun: Activity, Sun: Corona, Sun: Magnetic Fields, Waves},
     year = 2002,
    month = jun,
   volume = 572,
    pages = {L99-L102},
      doi = {10.1086/341486},
   adsurl = {http://adsabs.harvard.edu/abs/2002ApJ...572L..99C},
  adsnote = {Provided by the SAO/NASA Astrophysics Data System}
}

@ARTICLE{2005ApJ...622.1202C,
   author = {{Chen}, P.~F. and {Fang}, C. and {Shibata}, K.},
    title = "{A Full View of EIT Waves}",
  journal = {\apj},
 keywords = {Sun: Activity, Sun: Corona, Sun: Magnetic Fields, Waves},
     year = 2005,
    month = apr,
   volume = 622,
    pages = {1202-1210},
      doi = {10.1086/428084},
   adsurl = {http://adsabs.harvard.edu/abs/2005ApJ...622.1202C},
  adsnote = {Provided by the SAO/NASA Astrophysics Data System}
}

@ARTICLE{2004A&A...427..705Z,
   author = {{Zhukov}, A.~N. and {Auch{\`e}re}, F.},
    title = "{On the nature of EIT waves, EUV dimmings and their link to CMEs}",
  journal = {\aap},
 keywords = {Sun: corona, Sun: coronal mass ejections (CMEs)},
     year = 2004,
    month = nov,
   volume = 427,
    pages = {705-716},
      doi = {10.1051/0004-6361:20040351},
   adsurl = {http://adsabs.harvard.edu/abs/2004A%26A...427..705Z},
  adsnote = {Provided by the SAO/NASA Astrophysics Data System}
}


@ARTICLE{2009ApJ...705..587C,
   author = {{Cohen}, O. and {Attrill}, G.~D.~R. and {Manchester}, IV, W.~B. and 
	{Wills-Davey}, M.~J.},
    title = "{Numerical Simulation of an EUV Coronal Wave Based on the 2009 February 13 CME Event Observed by STEREO}",
  journal = {\apj},
archivePrefix = "arXiv",
   eprint = {0909.3095},
 primaryClass = "astro-ph.SR",
 keywords = {MHD, Sun: corona, Sun: coronal mass ejections: CMEs},
     year = 2009,
    month = nov,
   volume = 705,
      eid = {587},
    pages = {587-602},
      doi = {10.1088/0004-637X/705/1/587},
   adsurl = {http://adsabs.harvard.edu/abs/2009ApJ...705..587C},
  adsnote = {Provided by the SAO/NASA Astrophysics Data System}
}

@ARTICLE{2006ApJ...641L.153,
   author = {{Chen}, P.~F.},
    title = "{The Relation between EIT Waves and Solar Flares}",
  journal = {\apjl},
 keywords = {Sun: Corona, Sun: Coronal Mass Ejections (CMEs), Sun: Flares, Waves},
     year = 2006,
    month = apr,
   volume = 641,
    pages = {L153-L156},
      doi = {10.1086/503868},
   adsurl = {http://adsabs.harvard.edu/abs/2006ApJ...641L.153C},
  adsnote = {Provided by the SAO/NASA Astrophysics Data System}
}

@ARTICLE{2000SoPh..193..161T,
   author = {{Thompson}, B.~J. and {Reynolds}, B. and {Aurass}, H. and {Gopalswamy}, N. and 
	{Gurman}, J.~B. and {Hudson}, H.~S. and {Martin}, S.~F. and 
	{St.~Cyr}, O.~C.},
    title = "{Observations of the 24 September 1997 Coronal Flare Waves}",
  journal = {\solphys},
     year = 2000,
    month = apr,
   volume = 193,
    pages = {161-180},
      doi = {10.1023/A:1005222123970},
   adsurl = {http://adsabs.harvard.edu/abs/2000SoPh..193..161T},
  adsnote = {Provided by the SAO/NASA Astrophysics Data System}
}

@INPROCEEDINGS{2014AAS...22421838T,
   author = {{Thompson}, B.~J. and {Young}, C.~A.},
    title = "{Results from Persistence Mapping of Solar EUV Data}",
booktitle = {American Astronomical Society Meeting Abstracts \# 224},
     year = 2014,
   series = {American Astronomical Society Meeting Abstracts},
   volume = 224,
    month = jun,
    pages = {\#218.38},
   adsurl = {http://adsabs.harvard.edu/abs/2014AAS...22421838T},
  adsnote = {Provided by the SAO/NASA Astrophysics Data System}
}

@BOOK{2002dip..book.....G,
   author = {{Gonzalez}, R.~C. and {Woods}, R.~E.},
    title = "{Digital image processing}",
booktitle = {Digital image processing, 2nd ed.~(international edition), by R.C.~Gonzalez and R.E.~Woods.~Upper Saddle River, NJ: Prentice Hall, 2002},
     year = 2002,
   adsurl = {http://adsabs.harvard.edu/abs/2002dip..book.....G},
  adsnote = {Provided by the SAO/NASA Astrophysics Data System}
}

@ARTICLE{2014SoPh..289.3279L,
   author = {{Long}, D.~M. and {Bloomfield}, D.~S. and {Gallagher}, P.~T. and 
	{P{\'e}rez-Su{\'a}rez}, D.},
    title = "{CorPITA: An Automated Algorithm for the Identification and Analysis of Coronal ''EIT Waves''}",
  journal = {\solphys},
archivePrefix = "arXiv",
   eprint = {1403.6722},
 primaryClass = "astro-ph.SR",
 keywords = {Feature detection, Corona, Data analysis},
     year = 2014,
    month = sep,
   volume = 289,
    pages = {3279-3295},
      doi = {10.1007/s11207-014-0527-5},
   adsurl = {http://adsabs.harvard.edu/abs/2014SoPh..289.3279L},
  adsnote = {Provided by the SAO/NASA Astrophysics Data System}
}



@ARTICLE{2002ApJ...569.1009B,
   author = {{Biesecker}, D.~A. and {Myers}, D.~C. and {Thompson}, B.~J. and 
	{Hammer}, D.~M. and {Vourlidas}, A.},
    title = "{Solar Phenomena Associated with ``EIT Waves''}",
  journal = {\apj},
 keywords = {Sun: Activity, Sun: Coronal Mass Ejections (CMEs), Sun: Flares, Sun: Radio Radiation, Sun: UV Radiation, Waves},
     year = 2002,
    month = apr,
   volume = 569,
    pages = {1009-1015},
      doi = {10.1086/339402},
   adsurl = {http://adsabs.harvard.edu/abs/2002ApJ...569.1009B},
  adsnote = {Provided by the SAO/NASA Astrophysics Data System}
}

@ARTICLE{2010ApJ...709..369P,
   author = {{Podladchikova}, O. and {Vourlidas}, A. and {Van der Linden}, R.~A.~M. and 
	{W{\"u}lser}, J.-P. and {Patsourakos}, S.},
    title = "{Extreme Ultraviolet Observations and Analysis of Micro-Eruptions and Their Associated Coronal Waves}",
  journal = {\apj},
 keywords = {Sun: activity, Sun: corona, Sun: coronal mass ejections: CMEs, Sun: UV radiation, waves},
     year = 2010,
    month = jan,
   volume = 709,
    pages = {369-376},
      doi = {10.1088/0004-637X/709/1/369},
   adsurl = {http://adsabs.harvard.edu/abs/2010ApJ...709..369P},
  adsnote = {Provided by the SAO/NASA Astrophysics Data System}
}

@ARTICLE{2012SoPh..276..479P,
   author = {{Podladchikova}, O. and {Vuets}, A. and {Leontiev}, P. and {van der Linden}, R.~A.~M.
	},
    title = "{Recent Developments of NEMO: Detection of EUV Wave Characteristics}",
  journal = {\solphys},
archivePrefix = "arXiv",
   eprint = {1103.4637},
 primaryClass = "astro-ph.SR",
 keywords = {Corona, Coronal mass ejections, Flares, Instrumentation and data management, Low coronal signatures},
     year = 2012,
    month = feb,
   volume = 276,
    pages = {479-490},
      doi = {10.1007/s11207-011-9894-3},
   adsurl = {http://adsabs.harvard.edu/abs/2012SoPh..276..479P},
  adsnote = {Provided by the SAO/NASA Astrophysics Data System}
}


@ARTICLE{2006ApJ...645..757W,
   author = {{Wills-Davey}, M.~J.},
    title = "{Tracking Large-Scale Propagating Coronal Wave Fronts (EIT Waves) using Automated Methods}",
  journal = {\apj},
 keywords = {Methods: Data Analysis, Sun: Activity, Sun: Corona, Waves},
     year = 2006,
    month = jul,
   volume = 645,
    pages = {757-765},
      doi = {10.1086/504144},
   adsurl = {http://adsabs.harvard.edu/abs/2006ApJ...645..757W},
  adsnote = {Provided by the SAO/NASA Astrophysics Data System}
}

@ARTICLE{1999SoPh..190..467W,
   author = {{Wills-Davey}, M.~J. and {Thompson}, B.~J.},
    title = "{Observations of a Propagating Disturbance in TRACE}",
  journal = {\solphys},
     year = 1999,
    month = dec,
   volume = 190,
    pages = {467-483},
      doi = {10.1023/A:1005201500675},
   adsurl = {http://adsabs.harvard.edu/abs/1999SoPh..190..467W},
  adsnote = {Provided by the SAO/NASA Astrophysics Data System}
}

@ARTICLE{2011ApJ...741L..21L,
   author = {{Long}, D.~M. and {DeLuca}, E.~E. and {Gallagher}, P.~T.},
    title = "{The Wave Properties of Coronal Bright Fronts Observed Using SDO/AIA}",
  journal = {\apjl},
archivePrefix = "arXiv",
   eprint = {1109.5897},
 primaryClass = "astro-ph.SR",
 keywords = {Sun: corona, Sun: magnetic topology, waves},
     year = 2011,
    month = nov,
   volume = 741,
      eid = {L21},
    pages = {L21},
      doi = {10.1088/2041-8205/741/1/L21},
   adsurl = {http://adsabs.harvard.edu/abs/2011ApJ...741L..21L},
  adsnote = {Provided by the SAO/NASA Astrophysics Data System}
}

@ARTICLE{2008ApJ...680L..81L,
   author = {{Long}, D.~M. and {Gallagher}, P.~T. and {McAteer}, R.~T.~J. and 
	{Bloomfield}, D.~S.},
    title = "{The Kinematics of a Globally Propagating Disturbance in the Solar Corona}",
  journal = {\apjl},
archivePrefix = "arXiv",
   eprint = {0805.2023},
 keywords = {Sun: Chromosphere, Sun: Corona, Sun: Flares},
     year = 2008,
    month = jun,
   volume = 680,
    pages = {L81-L84},
      doi = {10.1086/589742},
   adsurl = {http://adsabs.harvard.edu/abs/2008ApJ...680L..81L},
  adsnote = {Provided by the SAO/NASA Astrophysics Data System}
}

@ARTICLE{2008ApJ...681L.113V,
   author = {{Veronig}, A.~M. and {Temmer}, M. and {Vr{\v s}nak}, B.},
    title = "{High-Cadence Observations of a Global Coronal Wave by STEREO EUVI}",
  journal = {\apjl},
archivePrefix = "arXiv",
   eprint = {0806.0710},
 keywords = {Shock Waves, Sun: Corona, Sun: Flares},
     year = 2008,
    month = jul,
   volume = 681,
    pages = {L113-L116},
      doi = {10.1086/590493},
   adsurl = {http://adsabs.harvard.edu/abs/2008ApJ...681L.113V},
  adsnote = {Provided by the SAO/NASA Astrophysics Data System}
}

@ARTICLE{2012ApJ...753...52L,
   author = {{Liu}, W. and {Ofman}, L. and {Nitta}, N.~V. and {Aschwanden}, M.~J. and 
	{Schrijver}, C.~J. and {Title}, A.~M. and {Tarbell}, T.~D.},
    title = "{Quasi-periodic Fast-mode Wave Trains within a Global EUV Wave and Sequential Transverse Oscillations Detected by SDO/AIA}",
  journal = {\apj},
archivePrefix = "arXiv",
   eprint = {1204.5470},
 primaryClass = "astro-ph.SR",
 keywords = {Sun: activity, Sun: corona, Sun: coronal mass ejections: CMEs, Sun: flares, Sun: oscillations, waves},
     year = 2012,
    month = jul,
   volume = 753,
      eid = {52},
    pages = {52},
      doi = {10.1088/0004-637X/753/1/52},
   adsurl = {http://adsabs.harvard.edu/abs/2012ApJ...753...52L},
  adsnote = {Provided by the SAO/NASA Astrophysics Data System}
}

@ARTICLE{soho,
   author = {{Domingo}, V. and {Fleck}, B. and {Poland}, A.~I.},
    title = "{The SOHO Mission: an Overview}",
  journal = {\solphys},
 keywords = {SOHO, solar interior, solar corona, solar wind},
     year = 1995,
    month = dec,
   volume = 162,
    pages = {1-37},
      doi = {10.1007/BF00733425},
   adsurl = {http://adsabs.harvard.edu/abs/1995SoPh..162....1D},
  adsnote = {Provided by the SAO/NASA Astrophysics Data System}
}

@ARTICLE{aia,
   author = {{Lemen}, J.~R. and {Title}, A.~M. and {Akin}, D.~J. and {Boerner}, P.~F. and 
	{Chou}, C. and {Drake}, J.~F. and {Duncan}, D.~W. and {Edwards}, C.~G. and 
	{Friedlaender}, F.~M. and {Heyman}, G.~F. and {Hurlburt}, N.~E. and 
	{Katz}, N.~L. and {Kushner}, G.~D. and {Levay}, M. and {Lindgren}, R.~W. and 
	{Mathur}, D.~P. and {McFeaters}, E.~L. and {Mitchell}, S. and 
	{Rehse}, R.~A. and {Schrijver}, C.~J. and {Springer}, L.~A. and 
	{Stern}, R.~A. and {Tarbell}, T.~D. and {Wuelser}, J.-P. and 
	{Wolfson}, C.~J. and {Yanari}, C. and {Bookbinder}, J.~A. and 
	{Cheimets}, P.~N. and {Caldwell}, D. and {Deluca}, E.~E. and 
	{Gates}, R. and {Golub}, L. and {Park}, S. and {Podgorski}, W.~A. and 
	{Bush}, R.~I. and {Scherrer}, P.~H. and {Gummin}, M.~A. and 
	{Smith}, P. and {Auker}, G. and {Jerram}, P. and {Pool}, P. and 
	{Soufli}, R. and {Windt}, D.~L. and {Beardsley}, S. and {Clapp}, M. and 
	{Lang}, J. and {Waltham}, N.},
    title = "{The Atmospheric Imaging Assembly (AIA) on the Solar Dynamics Observatory (SDO)}",
  journal = {\solphys},
 keywords = {Solar corona, Solar instrumentation, Solar imaging, Extreme ultraviolet},
     year = 2012,
    month = jan,
   volume = 275,
    pages = {17-40},
      doi = {10.1007/s11207-011-9776-8},
   adsurl = {http://adsabs.harvard.edu/abs/2012SoPh..275...17L},
  adsnote = {Provided by the SAO/NASA Astrophysics Data System}
}

@ARTICLE{sdo,
   author = {{Pesnell}, W.~D. and {Thompson}, B.~J. and {Chamberlin}, P.~C.
	},
    title = "{The Solar Dynamics Observatory (SDO)}",
  journal = {\solphys},
 keywords = {SDO, Solar cycle, Helioseismology, Coronal, Space weather},
     year = 2012,
    month = jan,
   volume = 275,
    pages = {3-15},
      doi = {10.1007/s11207-011-9841-3},
   adsurl = {http://adsabs.harvard.edu/abs/2012SoPh..275....3P},
  adsnote = {Provided by the SAO/NASA Astrophysics Data System}
}


@ARTICLE{eit,
   author = {{Delaboudini{\`e}re}, J.-P. and {Artzner}, G.~E. and {Brunaud}, J. and 
	{Gabriel}, A.~H. and {Hochedez}, J.~F. and {Millier}, F. and 
	{Song}, X.~Y. and {Au}, B. and {Dere}, K.~P. and {Howard}, R.~A. and 
	{Kreplin}, R. and {Michels}, D.~J. and {Moses}, J.~D. and {Defise}, J.~M. and 
	{Jamar}, C. and {Rochus}, P. and {Chauvineau}, J.~P. and {Marioge}, J.~P. and 
	{Catura}, R.~C. and {Lemen}, J.~R. and {Shing}, L. and {Stern}, R.~A. and 
	{Gurman}, J.~B. and {Neupert}, W.~M. and {Maucherat}, A. and 
	{Clette}, F. and {Cugnon}, P. and {van Dessel}, E.~L.},
    title = "{EIT: Extreme-Ultraviolet Imaging Telescope for the SOHO Mission}",
  journal = {\solphys},
 keywords = {Solar X-rays, Solar EUV, Multilayer telescope},
     year = 1995,
    month = dec,
   volume = 162,
    pages = {291-312},
      doi = {10.1007/BF00733432},
   adsurl = {http://adsabs.harvard.edu/abs/1995SoPh..162..291D},
  adsnote = {Provided by the SAO/NASA Astrophysics Data System}
}


@ARTICLE{trace,
   author = {{Handy}, B.~N. and {Acton}, L.~W. and {Kankelborg}, C.~C. and 
	{Wolfson}, C.~J. and {Akin}, D.~J. and {Bruner}, M.~E. and {Caravalho}, R. and 
	{Catura}, R.~C. and {Chevalier}, R. and {Duncan}, D.~W. and 
	{Edwards}, C.~G. and {Feinstein}, C.~N. and {Freeland}, S.~L. and 
	{Friedlaender}, F.~M. and {Hoffmann}, C.~H. and {Hurlburt}, N.~E. and 
	{Jurcevich}, B.~K. and {Katz}, N.~L. and {Kelly}, G.~A. and 
	{Lemen}, J.~R. and {Levay}, M. and {Lindgren}, R.~W. and {Mathur}, D.~P. and 
	{Meyer}, S.~B. and {Morrison}, S.~J. and {Morrison}, M.~D. and 
	{Nightingale}, R.~W. and {Pope}, T.~P. and {Rehse}, R.~A. and 
	{Schrijver}, C.~J. and {Shine}, R.~A. and {Shing}, L. and {Strong}, K.~T. and 
	{Tarbell}, T.~D. and {Title}, A.~M. and {Torgerson}, D.~D. and 
	{Golub}, L. and {Bookbinder}, J.~A. and {Caldwell}, D. and {Cheimets}, P.~N. and 
	{Davis}, W.~N. and {Deluca}, E.~E. and {McMullen}, R.~A. and 
	{Warren}, H.~P. and {Amato}, D. and {Fisher}, R. and {Maldonado}, H. and 
	{Parkinson}, C.},
    title = "{The transition region and coronal explorer}",
  journal = {\solphys},
     year = 1999,
    month = jul,
   volume = 187,
    pages = {229-260},
      doi = {10.1023/A:1005166902804},
   adsurl = {http://adsabs.harvard.edu/abs/1999SoPh..187..229H},
  adsnote = {Provided by the SAO/NASA Astrophysics Data System}
}

@INBOOK{ssw,
   author = {{Freeland}, S. and {Bentley}, R.},
    title = "{SolarSoft}",
 keywords = {Instrumentation and Observational Techniques, Astronomical Software},
booktitle = {Encyclopedia of Astronomy and Astrophysics},
     year = 2000,
    month = nov,
   editor = {{Murdin}, P.},
      doi = {10.1888/0333750888/3390},
   adsurl = {http://adsabs.harvard.edu/abs/2000eaa..bookE3390F},
  adsnote = {Provided by the SAO/NASA Astrophysics Data System}
}

@article{freeland1998,
	title = {Data analysis with the {SolarSoft} system},
	volume = {182},
	number = {2},
	journal = {Solar Physics},
	author = {Freeland, {SL} and Handy, {BN}},
	year = {1998},
	pages = {497{\textendash}500}
}

@ARTICLE{hek2012,
   author = {{Hurlburt}, N. and {Cheung}, M. and {Schrijver}, C. and {Chang}, L. and 
	{Freeland}, S. and {Green}, S. and {Heck}, C. and {Jaffey}, A. and 
	{Kobashi}, A. and {Schiff}, D. and {Serafin}, J. and {Seguin}, R. and 
	{Slater}, G. and {Somani}, A. and {Timmons}, R.},
    title = "{Heliophysics Event Knowledgebase for the Solar Dynamics Observatory (SDO) and Beyond}",
  journal = {\solphys},
archivePrefix = "arXiv",
   eprint = {1008.1291},
 primaryClass = "astro-ph.IM",
 keywords = {Data markup, Solar dynamics observatory, Solar features and events},
     year = 2012,
    month = jan,
   volume = 275,
    pages = {67-78},
      doi = {10.1007/s11207-010-9624-2},
   adsurl = {http://adsabs.harvard.edu/abs/2012SoPh..275...67H},
  adsnote = {Provided by the SAO/NASA Astrophysics Data System}
}

@article{bangerth2013,
  author={Wolfgang Bangerth and Timo Heister},
  title={What makes computational open source software libraries successful?},
  journal={Computational Science \& Discovery},
  volume={6},
  number={1},
  pages={015010},
  url={http://stacks.iop.org/1749-4699/6/i=1/a=015010},
  year={2013},
  abstract={Software is the backbone of scientific computing. Yet, while we regularly publish detailed accounts about the results of scientific software, and while there is a general sense of which numerical methods work well, our community is largely unaware of best practices in writing the large-scale, open source scientific software upon which our discipline rests. This is particularly apparent in the commonly held view that writing successful software packages is largely the result of simply ‘being a good programmer’ when in fact there are many other factors involved, for example the social skill of community building. In this paper, we consider what we have found to be the necessary ingredients for successful scientific software projects and, in particular, for software libraries upon which the vast majority of scientific codes are built today. In particular, we discuss the roles of code, documentation, communities, project management and licenses. We also briefly comment on the impact on academic careers of engaging in software projects.}
}

@ARTICLE{dps2012,
   author = {{P{\'e}rez-Su{\'a}rez}, D. and {Maloney}, S.~A. and {Higgins}, P.~A. and 
	{Bloomfield}, D.~S. and {Gallagher}, P.~T. and {Pierantoni}, G. and 
	{Bonnin}, X. and {Cecconi}, B. and {Alberti}, V. and {Bocchialini}, K. and 
	{Dierckxsens}, M. and {Opitz}, A. and {Le Blanc}, A. and {Aboudarham}, J. and 
	{Bentley}, R.~B. and {Brooke}, J. and {Coghlan}, B. and {Csillaghy}, A. and 
	{Jacquey}, C. and {Lavraud}, B. and {Messerotti}, M.},
    title = "{Studying Sun-Planet Connections Using the Heliophysics Integrated Observatory (HELIO)}",
  journal = {\solphys},
     year = 2012,
    month = oct,
   volume = 280,
    pages = {603-621},
      doi = {10.1007/s11207-012-0110-x},
   adsurl = {http://adsabs.harvard.edu/abs/2012SoPh..280..603P},
  adsnote = {Provided by the SAO/NASA Astrophysics Data System}
}

@ARTICLE{ochsenbein_ivoa_2011,
   author = {{Ochsenbein}, F. and {Williams}, R. and {Davenhall}, C. and 
	{Durand}, D. and {Fernique}, P. and {Giaretta}, D. and {Hanisch}, R. and 
	{McGlynn}, T. and {Szalay}, A. and {Taylor}, M.~B. and {Wicenec}, A.
	},
    title = "{IVOA Recommendation: VOTable Format Definition Version 1.2}",
  journal = {ArXiv e-prints},
archivePrefix = "arXiv",
   eprint = {1110.0524},
 primaryClass = "astro-ph.IM",
 keywords = {Astrophysics - Instrumentation and Methods for Astrophysics},
     year = 2011,
    month = oct,
   adsurl = {http://adsabs.harvard.edu/abs/2011arXiv1110.0524O},
  adsnote = {Provided by the SAO/NASA Astrophysics Data System}
}

@article{cocomo,
    year={1995},
    issn={1022-7091},
    journal={Annals of Software Engineering},
    volume={1},
    number={1},
    doi={10.1007/BF02249046},
    title={Cost models for future software life cycle processes: COCOMO 2.0},
    url={http://dx.doi.org/10.1007/BF02249046},
    publisher={Kluwer Academic Publishers},
    author={Boehm, Barry and Clark, Bradford and Horowitz, Ellis and Westland, Chris and Madachy, Ray and Selby, Richard},
    pages={57-94},
    language={English}
}

@Article{Hunter:2007:matplotlib,
  Author    = {Hunter, J. D.},
  Title     = {Matplotlib: A 2D graphics environment},
  Journal   = {Computing In Science \& Engineering},
  Volume    = {9},
  Number    = {3},
  Pages     = {90--95},
  abstract  = {Matplotlib is a 2D graphics package used for Python
  for application development, interactive scripting, and
  publication-quality image generation across user
  interfaces and operating systems.},
  publisher = {IEEE COMPUTER SOC},
  year      = 2007
}

@article{pymc2010,
  author =	"Anand Patil and David Huard and Christopher J. Fonnesbeck",
  title =	"PyMC: Bayesian Stochastic Modelling in Python",
  journal =	"Journal of Statistical Software",
  volume =	"35",
  number =	"4",
  pages =	"1--81",
  day =  	"16",
  month =	"7",
  year = 	"2010",
  CODEN =	"JSSOBK",
  ISSN = 	"1548-7660",
  bibdate =	"2010-01-22",
  URL =  	"http://www.jstatsoft.org/v35/i04",
  accepted =	"2010-01-22",
  acknowledgement = "",
  keywords =	"",
  submitted =	"2008-12-22"
}

@InProceedings{ mumford-proc-scipy-2013,
  author    = { Stuart Mumford and David P\'erez-Su\'arez and Steven Christe and Florian Mayer and Russell J. Hewett },
  title     = { SunPy: Python for Solar Physicists },
  booktitle = { Proceedings of the 12th Python in Science Conference },
  pages     = { 74 - 77 },
  year      = { 2013 },
  editor    = { St\'efan van der Walt and Jarrod Millman and Katy Huff }
}

@Article{scikitimage,
  Title                    = {scikit-image: Image processing in Python},
  author = {van der Walt, S. and Sch\"{o}nberger, J. L. and Nunez-Iglesias, J. and Boulogne, F. and Warner, J. D. and Yager, N. and Gouillart, E. and Yu, T.},

  Journal                  = {PeerJ},
  Year                     = {2014},

  Month                    = {6},
  Pages                    = {e453},
  Volume                   = {2},

  Abstract                 = {scikit-image is an image processing library that implements algorithms and utilities for use in research, education and industry applications. It is released under the liberal Modified BSD open source license, provides a well-documented API in the Python programming language, and is developed by an active, international team of collaborators. In this paper we highlight the advantages of open source to achieve the goals of the scikit-image library, and we showcase several real-world image processing applications that use scikit-image. More information can be found on the project homepage, http://scikit-image.org.},
  Doi                      = {10.7717/peerj.453},
  ISSN                     = {2167-8359},
  Arxiv     = {1407.6245},
  Keywords                 = {scikit-image}
}

@INPROCEEDINGS{lewis1995fast,
  author={{Lewis}, J.~P.},
  title="{Fast normalized cross-correlation}",
  booktitle={Vision interface},
  volume=10,
  pages={120--123},
  year=1995
}

@Misc{scipy,
  author =    {Eric Jones and Travis Oliphant and Pearu Peterson and others},
  title =     {{SciPy}: Open source scientific tools for {Python}},
  year =      {2001--},
  url = "http://www.scipy.org/"
}

@article{scientificpython,
   author = "Oliphant, Travis E.",
   title = "Python for Scientific Computing",
   journal = "Computing in Science \& Engineering",
   year = "2007",
   volume = "9",
   number = "3",
   pages = "10-20",
   url = "http://scitation.aip.org/content/aip/journal/cise/9/3/10.1109/MCSE.2007.58",
   doi = "http://dx.doi.org/10.1109/MCSE.2007.58" 
}

@article{ipython,
   author = "Pérez, Fernando and Granger, Brian E.",
   title = "IPython: A System for Interactive Scientific Computing",
   journal = "Computing in Science \& Engineering",
   year = "2007",
   volume = "9",
   number = "3",
   pages = "21-29",
   url = "http://scitation.aip.org/content/aip/journal/cise/9/3/10.1109/MCSE.2007.53",
   doi = "http://dx.doi.org/10.1109/MCSE.2007.53" 
}

@article{theastropycollaboration2013,
	title = {Astropy: A community Python package for astronomy},
	volume = {558},
	issn = {0004-6361, 1432-0746},
	shorttitle = {Astropy},
	url = {http://www.aanda.org/10.1051/0004-6361/201322068},
	doi = {10.1051/0004-6361/201322068},
	journal = {Astronomy \& Astrophysics},
	author = {{The Astropy Collaboration} and Robitaille, Thomas P. 
	and Tollerud, Erik J. and Greenfield, Perry and Droettboom, 
	Michael and Bray, Erik and Aldcroft, Tom and Davis, Matt and 
	Ginsburg, Adam and {Price-Whelan}, Adrian M. and Kerzendorf, 
	Wolfgang E. and Conley, Alexander and Crighton, Neil and Barbary, 
	Kyle and Muna, Demitri and Ferguson, Henry and Grollier, 
	Fr\'{e}d\'{e}ric and Parikh, Madhura M. and Nair, Prasanth H. and 
	G\"{u}nther, Hans M. and Deil, Christoph and Woillez, Julien and 
	Conseil, Simon and Kramer, Roban and Turner, James E. H. and 
	Singer, Leo and Fox, Ryan and Weaver, Benjamin A. and Zabalza, 
	Victor and Edwards, Zachary I. and Azalee Bostroem, K. and Burke, 
	D. J. and Casey, Andrew R. and Crawford, Steven M. and Dencheva, 
	Nadia and Ely, Justin and Jenness, Tim and Labrie, Kathleen and 
	Lim, Pey Lian and Pierfederici, Francesco and Pontzen, Andrew and 
	Ptak, Andy and Refsdal, Brian and Servillat, Mathieu and 
	Streicher, Ole},
	month = sep,
	year = {2013},
	pages = {A33}
},

@article{jhv2009,
	title = {{JHelioviewer:} Visualizing Large Sets of Solar Images Using {JPEG} 2000},
	volume = {11},
	issn = {1521-9615},
	shorttitle = {{JHelioviewer}},
	url = {http://ieeexplore.ieee.org/lpdocs/epic03/wrapper.htm?arnumber=5228714},
	doi = {10.1109/MCSE.2009.142},
	number = {5},
	journal = {Computing in Science \& Engineering},
	author = {Muller, Daniel and Fleck, Bernhard and Dimitoglou, George and Caplins, Benjamin W. and Amadigwe, Desmond E. and Ortiz, Juan Pablo Garc\'{i}a and Wamsler, Benjamin and Alexanderian, Alen and Hughitt, V. Keith and Ireland, Jack},
	month = sep,
	year = {2009},
	pages = {38--47}
},

@article{vso:hill2009,
	title = {The Virtual Solar {Observatory{\textemdash}A} Resource for International Heliophysics Research},
	volume = {104},
	issn = {0167-9295, 1573-0794},
	url = {http://solar.physics.montana.edu/martens/papers/Hill-VSO-Oct07.pdf},
	doi = {10.1007/s11038-008-9274-7},
	abstract = {The Virtual Solar Observatory {(VSO)} has been developed to allow researchers, educators, and the general public to access data and images from the major sources of on-line solar data. The {VSO} substantially reduces the effort required to locate disparate data sets, and removes the need for the user to locate the data and learn multiple interfaces. The {VSO} provides a single interface to about 60 geographically distributed data sets including space- and ground-based sources. These data sets incorporate several physical variables including magnetic field, intensity, Doppler velocity, etc., and all wavelengths from X-ray to radio. All layers of the sun, from the interior to the corona, are included. In this paper we describe the system and present the interface that the user will encounter. We also discuss future enhancements planned for the system.},
	number = {1-4},
	journal = {Earth, Moon, and Planets},
	author = {Hill, Frank and Martens, Piet and Yoshimura, Keji and Gurman, Joseph and Hourcl\'{e}, Joseph and Dimitoglou, George and {Su\'{a}rez-Sol\'{a}}, Igor and Wampler, Steve and Reardon, Kevin and Davey, Alisdair and Bogart, Richard S. and Tian, Karen Q.},
	month = apr,
	year = {2009},
	keywords = {Astronomy, Astrophysics, Data management, Distributed archives, Extraterrestrial Physics, Space Sciences, Planetology, Solar physics, Virtual observatories},
	pages = {315--330}
}

@inproceedings{greenfield2011,
	title = {What Python Can Do for Astronomy},
	volume = {442},
	booktitle = {Astronomical Data Analysis Software and Systems {XX}},
	author = {Greenfield, P},
	year = {2011},
	pages = {425}
},

@article{landi2013,
	title = {Chianti{\textemdash}an Atomic Database for Emission Lines. Xiii. Soft {X-Ray} Improvements and Other Changes},
	volume = {763},
	issn = {{0004-637X}, 1538-4357},
	url = {http://stacks.iop.org/0004-637X/763/i=2/a=86?key=crossref.f0f9189cede0562089b1f89d696c2af3},
	doi = {10.1088/0004-637X/763/2/86},
	number = {2},
	journal = {The Astrophysical Journal},
	author = {Landi, E. and Young, P. R. and Dere, K. P. and Del Zanna, G. and Mason, H. E.},
	month = feb,
	year = {2013},
	pages = {86}
},

@book{mckinney2012,
	address = {Sebastopol, {CA}},
	title = {Python for Data Analysis},
	isbn = {9781449323622  1449323626  9781449323615  1449323618  1449319793 9781449319793},
	url = {http://proquest.safaribooksonline.com/?fpi=9781449323592},
	publisher = {{O'Reilly} Media},
	author = {{McKinney}, Wes},
	year = {2012}
},

@article{dolgert2008,
	title = {Rapid web development using {AJAX} and Python},
	volume = {119},
	issn = {1742-6596},
	url = {http://stacks.iop.org/1742-6596/119/i=4/a=042011?key=crossref.eda0671577dafc3c78be7e071da5a2fe},
	doi = {10.1088/1742-6596/119/4/042011},
	number = {4},
	journal = {Journal of Physics: Conference Series},
	author = {Dolgert, A and Gibbons, L and Kuznetsov, V},
	month = jul,
	year = {2008},
	pages = {042011}
},


@ARTICLE{2012SoPh..275...79M,
   author = {{Martens}, P.~C.~H. and {Attrill}, G.~D.~R. and {Davey}, A.~R. and 
	{Engell}, A. and {Farid}, S. and {Grigis}, P.~C. and {Kasper}, J. and 
	{Korreck}, K. and {Saar}, S.~H. and {Savcheva}, A. and {Su}, Y. and 
	{Testa}, P. and {Wills-Davey}, M. and {Bernasconi}, P.~N. and 
	{Raouafi}, N.-E. and {Delouille}, V.~A. and {Hochedez}, J.~F. and 
	{Cirtain}, J.~W. and {Deforest}, C.~E. and {Angryk}, R.~A. and 
	{de Moortel}, I. and {Wiegelmann}, T. and {Georgoulis}, M.~K. and 
	{McAteer}, R.~T.~J. and {Timmons}, R.~P.},
    title = "{Computer Vision for the Solar Dynamics Observatory (SDO)}",
  journal = {\solphys},
 keywords = {Instrumentation and data management, Solar Dynamics Observatory},
     year = 2012,
    month = jan,
   volume = 275,
    pages = {79-113},
      doi = {10.1007/s11207-010-9697-y},
   adsurl = {http://adsabs.harvard.edu/abs/2012SoPh..275...79M},
  adsnote = {Provided by the SAO/NASA Astrophysics Data System}
}

@ARTICLE{2013arXiv1310.7492D,
   author = {{Delann{\'e}e}, C.},
    title = "{A coronal wave as CME footprint}",
  journal = {ArXiv e-prints},
archivePrefix = "arXiv",
   eprint = {1310.7492},
 primaryClass = "astro-ph.SR",
 keywords = {Astrophysics - Solar and Stellar Astrophysics},
     year = 2013,
    month = oct,
   adsurl = {http://adsabs.harvard.edu/abs/2013arXiv1310.7492D},
  adsnote = {Provided by the SAO/NASA Astrophysics Data System}
}

@ARTICLE{2006ApJ...641L.153C,
   author = {{Chen}, P.~F.},
    title = "{The Relation between EIT Waves and Solar Flares}",
  journal = {\apjl},
 keywords = {Sun: Corona, Sun: Coronal Mass Ejections (CMEs), Sun: Flares, Waves},
     year = 2006,
    month = apr,
   volume = 641,
    pages = {L153-L156},
      doi = {10.1086/503868},
   adsurl = {http://cdsads.u-strasbg.fr/abs/2006ApJ...641L.153C},
  adsnote = {Provided by the SAO/NASA Astrophysics Data System}
}

@ARTICLE{2009ApJ...691L.123G,
   author = {{Gopalswamy}, N. and {Yashiro}, S. and {Temmer}, M. and {Davila}, J. and 
	{Thompson}, W.~T. and {Jones}, S. and {McAteer}, R.~T.~J. and 
	{Wuelser}, J.-P. and {Freeland}, S. and {Howard}, R.~A.},
    title = "{EUV Wave Reflection from a Coronal Hole}",
  journal = {\apjl},
 keywords = {Sun: corona, Sun: coronal mass ejections: CMEs, Sun: flares, Sun: magnetic fields, Sun: UV radiation},
     year = 2009,
    month = feb,
   volume = 691,
    pages = {L123-L127},
      doi = {10.1088/0004-637X/691/2/L123},
   adsurl = {http://cdsads.u-strasbg.fr/abs/2009ApJ...691L.123G},
  adsnote = {Provided by the SAO/NASA Astrophysics Data System}
}

@ARTICLE{2013ApJ...766...55K,
   author = {{Kwon}, R.-Y. and {Ofman}, L. and {Olmedo}, O. and {Kramar}, M. and 
	{Davila}, J.~M. and {Thompson}, B.~J. and {Cho}, K.-S.},
    title = "{STEREO Observations of Fast Magnetosonic Waves in the Extended Solar Corona Associated with EIT/EUV Waves}",
  journal = {\apj},
 keywords = {Sun: activity, Sun: corona, Sun: coronal mass ejections: CMEs, Sun: flares, waves },
     year = 2013,
    month = mar,
   volume = 766,
      eid = {55},
    pages = {55},
      doi = {10.1088/0004-637X/766/1/55},
   adsurl = {http://cdsads.u-strasbg.fr/abs/2013ApJ...766...55K},
  adsnote = {Provided by the SAO/NASA Astrophysics Data System}
}